
@inproceedings{oord_wavenet:_2016,
	title = {{WaveNet}: A Generative Model for Raw Audio},
	booktitle = {{SSW}},
	author = {Oord, Aäron van den and Dieleman, Sander and Zen, Heiga and Simonyan, Karen and Vinyals, Oriol and Graves, Alex and Kalchbrenner, Nal and Senior, Andrew W. and Kavukcuoglu, Koray},
	date = {2016}
}

@inproceedings{oord_pixel_2016,
	title = {Pixel Recurrent Neural Networks},
	booktitle = {{ICML}},
	author = {Oord, Aäron van den and Kalchbrenner, Nal and Kavukcuoglu, Koray},
	date = {2016}
}

@article{he_deep_2016,
	title = {Deep Residual Learning for Image Recognition},
	pages = {770--778},
	journaltitle = {2016 {IEEE} Conference on Computer Vision and Pattern Recognition ({CVPR})},
	author = {He, Kaiming and Zhang, Xiangyu and Ren, Shaoqing and Sun, Jian},
	date = {2016}
}